<?xml version="1.0" encoding="UTF-8"?><collection xmlns="http://www.loc.gov/MARC21/slim"><record><leader>00628nam--2200205-u-4500</leader><controlfield tag="001">000053373</controlfield><controlfield tag="002">20161230</controlfield><controlfield tag="005">20161230201051</controlfield><controlfield tag="008">110321s1000------------r-----000-0-eng-d</controlfield><datafield ind1=" " ind2=" " tag="020"><subfield code="a">9295003004</subfield></datafield><datafield ind1=" " ind2=" " tag="040"><subfield code="a">IFIN-HH</subfield></datafield><datafield ind1=" " ind2=" " tag="080"><subfield code="a">530.1</subfield></datafield><datafield ind1="1" ind2=" " tag="100"><subfield code="a">Gottsche, L</subfield></datafield><datafield ind1="1" ind2="0" tag="245"><subfield code="a">Moduli spaces in algebraic geometry</subfield><subfield code="b">School on algebric geometry; 26 july - 13 august 1999</subfield><subfield code="c">L. gottsche (ed.)</subfield></datafield><datafield ind1=" " ind2=" " tag="250"><subfield code="a">First Edition</subfield></datafield><datafield ind1=" " ind2=" " tag="260"><subfield code="a">Trieste, Italy</subfield><subfield code="b">The Abdus Salam International Centre For Theoretical Physics</subfield><subfield code="c">2000</subfield></datafield><datafield ind1=" " ind2=" " tag="300"><subfield code="a">383P</subfield></datafield><datafield ind1=" " ind2=" " tag="490"><subfield code="a">Itcp Lecture Notes</subfield></datafield><datafield ind1=" " ind2=" " tag="852"><subfield code="a">81290</subfield><subfield code="c">530.1</subfield></datafield><datafield ind1=" " ind2=" " tag="CAT"><subfield code="a">Sys</subfield><subfield code="c">20110321</subfield><subfield code="h">155201</subfield></datafield></record></collection>